<?xml version="1.0" encoding="UTF-8"?><record xmlns="http://www.loc.gov/MARC21/slim" xmlns:cinclude="http://apache.org/cocoon/include/1.0" xmlns:zs="http://www.loc.gov/zing/srw/">
  <leader>00564nz  a2200133n  4500</leader>
  <controlfield tag="001">nr 95029736 </controlfield>
  <controlfield tag="003">DLC</controlfield>
  <controlfield tag="005">19950819053940.0</controlfield>
  <controlfield tag="008">950814n| acannaab|          |n aaa     c</controlfield>
  <datafield tag="010" ind1=" " ind2=" ">
    <subfield code="a">nr 95029736 </subfield>
  </datafield>
  <datafield tag="040" ind1=" " ind2=" ">
    <subfield code="a">PU</subfield>
    <subfield code="c">PU</subfield>
  </datafield>
  <datafield tag="100" ind1="1" ind2="0">
    <subfield code="a">Pellecchia, Elba Cenal</subfield>
  </datafield>
  <datafield tag="670" ind1=" " ind2=" ">
    <subfield code="a">Philadelphia City Planning Commission. Roxborough Manayunk District plan, 1989:</subfield>
    <subfield code="b">2nd prelim. p. (Elba Cenal Pellecchia, chief, comprehensive planning)</subfield>
  </datafield>
  <datafield tag="670" ind1=" " ind2=" ">
    <subfield code="a">Philadelphia City Planning Commission. North Delaware Waterfront District plan, 1982:</subfield>
    <subfield code="b">t.p. verso (Elba CenĚal Pellecchia, project manager)</subfield>
  </datafield>
</record>